111111111111111111111111111111111111111111111111111111111111111111111111111111111111111
-1-1-1-1-1-1-1-1-1-1-1-1-1-1-1-1-1-1-1-1-1-1-1-1-1-1-1-1-1-1-1-1-1-1-1-1-1-1-1-1-1-1-1-1-1-1-1-1-1-1-1-1-1-1-1-1-1-1-1-1-1-1-1-1-1-1-1                          +1+1+1+1+1+1+1+1+1+1+1+1+1+1+1+1+1+1+16666666666666666666666666666666666666666666666666666666666555555555555551111111111
-1-1-1-1-1-1-1-1-1-1-1-1-1-1-1-1-1-1-1-1-1
-1-1-1-1-1-1-1-1-1-1-1-1-1-1-1-1-1-1-1-1-1-1-1-1-1-1-1-1-1-1-1-1-1-1-1-1-1-1-1-1-1-1-1-1-1-1-1-1-1-1-1-1-1-1-1-1-1-1-1-1-1-1-1-1-1-1-1-1-1-1-1-1-1-1-1-1-1
                         222222222222222222222222222222222222222222222222222222                                                                 -6-6-6-6-6-6-6-6+0+0+0+0+0            -1-1-1-1-1
+3+3+3+3+3+3+3+3+3+3+3+3+3+3+3                                                                 -3-3-3-3-3-3-3-3-3-3-3-3-3-3-3-3-3-3-3-3-3-3-3-3-1-1-1-1-1-1-1-1-1-1-1-1-1-1-1-1-1-1-1                        
+1+1+1+1+6+6+6+6+6                                                                                   +3+3+3+3+3+3+3+3+3+3+3+3+3+3+3+3+3+3+3+3+3+3+3+3+3+3+3+3+3+3+3+3+3+3+3+3+3+3+3+3+3+3+3+3+3+3+3+3+3+3+3+3+3+3
 6-0-0-0-0-0-0-0-0-0-0-0-0-0-0-0-0-0-0-0-0-0-0-0-0-0-0-0-0-0-0-0-0-0-0-0-0-0-0-0-0-0-0-0-0-0-0-0-0-0-0-0-0-0-0-0-0-0-0-0                                                           +1+1+1+1+1+1+1+1+1+1+1+1+1+1+1+1+1+1+1+1+1+1+1+1+1+1+1+1+1+1+1+1
0000000000000  4444444444444444444444444                            6666666666666666666666666666666666666666666666666666666666666666666622222222222222222            
-1-1-1-1-1-1-1-1-1-1-1-1-1-1-1-1-1-1-1-1-1-1-1-1-1-1-1-1-1-1-1-1-1-1-1-1-1-1-1-1-1-1-1-1-1-1-1-1-1-1-100000000000000000000000000000
+3+3+3+3+3+3+3+3+3+3+3+3+3+3+3+3+3+3+3+3+3+3+3+3+3+3+3+3+3+3+3+3+3+3+3+3+3+3+3+3+3+3+3+3+3+3+3+3+3+3+3+0+0+0+0+0+0+0+0+0+0+0+0+0+0+0+0+0+0+0+0+0+0+0+0+0+0+0+0+0+0+0+0+0+0+0+0+0+0+0+0+0+0+0+0+0+0+0+0+0+0+0+0+0+0+0+0+0+0+0+0+0+0+0+0+0+0+0+0+0+0+0+0+0+0+0+0+0+0+0+0+0+0+0+0+0+0+0+0+0+0+0+0+0+0+0+0+0                  333333333333-1-1-1-1-1-1-1-1-1-1-1-1-1-1
-1-1-1-1-1-1                                                 +3+3+3+3+3+3+3+3+3+3+3+3+3+3+3+3+3+3+3+3+3+3+3+3+3+3+3+3+3+3+3
000000000000000000000000000000000000000000000000000                                                                 -1-1-1-1-1-1-1-1-1-1-1-1-1-1-1-1-1-1-1-1-1-1-1-1-1-1-1-1-1-1-1-1-1-1-1-1-1-1-1-1-1-1-1-1-1-1-1-1-1-1-1-1-1-1-1-1-1-1
44444+6+6+6+6+6+6                              0000000000000000000000
44444444444444444444444444444444444444444444
                                                           444444444444444444444444444444444444444444444444
    
66666666666666666666666666666666666666666666666666666666666666666666666             3333333333333333333333333               
666666
-0-0-0-0-0-0-0-0-0-0-0-0-0-0-0-0-0-0-0-0-0-0-0-0-0             22222222222222222222222222222222222222222222222222222222222222222-3-3-3-3-3-3-3-3-3-3-3-3-3-3-3-3-3-3-3-3-3-3-3-3-3-3-3-3-3-3-3-3-3-3-3-3-3-3-3-3-3-3-3-3-3-3-3-3-3-3-3-3-3-3-3-3-3-3-3666666666666666666666
-0-0-0-0-0
+1+1+1+1+1+1+1+1+1+1+1+1+1+1+1+1+1+1+1+1+1+1+1-0-0-0-0-0-0-0-0-0-0-0-0-0-0-0-0-0-0-0-0-0-0-0-0-0-0-0-0-0-0-0-0-0-0-0-0-0-0-0-0-0-0-0-0-0-0-0-0-0-0-0-0-0-0
+1+1+1+1+1+1+1+1+1+1+1+1+1+1+1+1+1+1+1+1+1+1+1+1+1+1+1+1+1+1+1+1+1+1+1
      -2-2-2-2-2-2-2-2-2-2-2-2-2-2-2-2-2-2-2-2-2-2-2-2-2-2-2-2-2-2-2-2-2-2-2-2-2-2-2-2-2-2-2-2-2-2-2-2-2-2-2-2-2-2-2-2-2-2-2-2-2-2-2-2-2-2-2-2-2-2-2-2-2-2-2-2-2-2-2-2-2-2-2-2-2-2-2-2-2-2-2-2-2-2-2+1+1+1+1+1+1+1+1+1
-0-0-0-0-0-0-0-0-0-0-0-0-0-0-0-0-0-0-0-0-0-0-0-0-0-0-0-0-0-0-0-0-0-0-0-0-0-0-0-0-0-0-0-0-0-0-0-0-0-0-0-0-0-0-0-0-0-0-0-0-0-0-0-0-0-0-0-0-0-0-0-0-0-0-0-0-0-0-0-0-0-0-0-0-0-0-0-0-0-0-0-0-0-0-0-0-0                                      
                                     11111111111111111111111111111111111111111111111111111111111111111111111111111111                                                         -0-0
5555555555555555555555+0+0+0+0+0+0+0+0+0+0+0+0+0+0+0+5+5+5+5+5+5+5+5+5+5+5+5+5+5+5+5+5+5+5+5+5+5+5+5+5+5+5+5+5+5+5+5+5+5+5+5+5+5                                                     
5555555555555555555555555555555555555555555555
+0+0+0+0+0+0+0+0+0+0+0+0+0+0+0+0+0+0+0+0+0+0+0+0+0+0+0+0+0+0+0+0+0+0555555555555555555555555
  4444444444444444444                                                                        1111111111111111111111111111111111111111111111111111111111111111111111111111111111111111+0+0+0+0+0+0+0
22222222222222222222222222222222222222222222222222                                                                                     
     555555555555555555555555555555555555555555555555555555555555555-0-0                                                                                                222
33333333-5-5-5-5-5-5-5-5-5-5-5-5-5-5-5-5-5-5-5-5-5-5-5-5-5-5-5-5-5               
                     6666666666666666666   333333333333333
+5+5+5+5+5+5+5+5+5+5+5+5+5+5+5+5+5+5+5+5+5+5+5+5+5+5+5+5+5+5+5+5+5                                 
                  +5+5+5+5+5+5+5+5+5+5+5+5+5+5+5+5+5+5+5+5+5+5+5+5+5+5+5+5+5+5+5+5+5+5+5+5+5+5+5+5+5+5+5+5+5+5+5+5+5+5+5+5+5+5+5+5+5+5+5+5+5+5+5+5+5+5+5+5+5+5+5+5+5+5+5+5+5+5+5+5+5+5+5+5+5+5+5+5+5+5+5+5+5+5+5+5+5+5+5+5+5+5+5+5+5+5+5+5+5+5+5+5+5+5+5+5+5
44444444000000000000000000000000000000000000000000000003333333333333333333333333333333333333333333333222222222222222222222222222222222222222222222                           
4444444444444444444444444111111111111                                                                                                  4444444444444444444444444444444444444444444444444444
000000000000000000000000000000000000000000000000000000000000000000000000000000000000000000000000000000000000000000000000000000000000004444444444444444444444444444444444444444444444444444444444444444
           +4+4+4+4+4+4+4+4+4+4+4+4+4+4+4+4+4+4+4+4+4+4+4+4+4+4+4+4+4+4+4+4+4+4+4+4000000000
0-6-6-6-6-6-6-6-6-6-6-6-6-6-6-6-6000000000000000000000000000000000000000000000000000000000000000000000000+6+6+6+6+6+6+6+6+6+6+6+6+6+6+6+6+6+6+6+6+6+6+6+6+6+6+6+6+6+6+6+6+6+6+6+6+6+6+5+5+5+5+5+5+5+5+5+5+5+5+5+5+5                                          
33333333336666666666666666666666666666666666666666666666666666666                                       11111111111111111111111111111111111111111111111111111111111111110000000000000000000000
                                                                              -3-3-3-3-3-3-3-3-3-3-3-3-3-3-3-3-3-3-3-3-3-3-3-3-3-3-3-3-3-3-3-3-3-3-3-3-3-3-3-3-3-3-3-3-3-3-3-3-3-3-3-3-3-3-3-3-3-3-3-3-3             33333333333333333333333333333333
       -6-6-6-6-6-6-6-6-6-6-6-6-6-6-6-6-6-6-6-6-6-6-6-6-6-6-6-6-6-6-6-6-6-6-6-6-6-6-6-6-6-6-6-6-6-6-6-6-6-6-6-6-6-6-6-6-6-6-6-6-6-6-6-6-6-6-6-6-6-6222222222222                
44444444444444444                         
5555555555555555555555555555555555555555555555555555555555555555000000000000000000000000000000044444444444444444444444444444444444444
4444444333333333333333333333333333333333333333333333333333333333333333333333333333333333333333333335555555555555555555
4444444444444444444444444444444444444444444444444444
11111111111111111111111111111444444444444444444444444444444444
22222222222222222222222222222222222222222222222222222222222222222222111111111111111111111111111111111111
+6+6111111111111111111111111111111111111111111111111-0-0-0-0-0-0-0-0-0-0-0-0-0-0-0-0-0-0-0-0-0-0-0-0-0-0-0-0-0-0-0-0-0-0-0-0-0-0-0-0-0-0-0-0-0-0-0-0-0-0-0-0-0-0-0-0-0-0                                                                           222
+6+6+6+6+6+6+6+6+6+6+6+6+6+6+6+6
-3-3-3-3-3-3-3-3-3-3-3-3-3-3-3-3-3-35555555555555555555555555555555555555555555555555555555555555555555555555555                                  +6+6+6+6+6+6+6+6+6+6+6+6+6+6+6+6+6+6+6+6+6+6+6+6+6+6+6+6+6+6+6+6+6+6+6+6+6+6+6+6+6+6+6+6+6+6+6+6+6+6+6+6
                                                                                               -3-3-3-3-3-3-3-3-3-3-3-3-3-3-3-3-3-3-3-3-3-3-3-3-3-3-3-3-3-3-3-3-3-3-3-3-3-3-3-3-3-3-3-3-3-3-3-3-3-3-3-3-3-3-3-3-3-3-3-3-3-3-3-3-3-3-3-3-3-3-3-3-3-3-3-3
                                           +3+3+3+3+3+3+3+3+3+3+3+3+3+3+3+3+3+3+3+3+3+3+3+3+3+3+3+3+3+3+3+3+3+3+3+3+3+3+3+3+3+3+3+3+3+3+3+3+3+3+3+3+3+3+3+3+3+3+3+3+3+3+3+3+3+3+3+3+3+3+3+3+3+3+3+3+3+3+3+3+3+3+3+3+3+3+3+3+3+3+3+3+3444444444444     
                                                                          2222222222222222222222222222222222222222222222333333+6+6+6+6+6+6+6+6+6+6+6+6+6+6+6+6+6+6+6+6+6+6+6+6+6+6+6 
     
222222222222222222222222222222222                                                                                         -4-4-4-411111111111111111111111111111111111111111111111111                
                                             22222222222222222222222222222222222222
                                           22222222222222222222222222222222222222222+5+5+5+5+5+5+5+5+5+5+5+5+5+5+5+5+5+5+5+5+5+5+5+5+5+5+5+5+5+5+5+5+5+5+5+5+5+5+5+5+5+5+5+5+5+5+5+5+5+5+5+5+5+5+5+5+5+5 
                   -5-5-5-5-5-5-5-5-5-5-5-5-5-5-5-5-5-5-5-5-5-5-5-5-5-5-5-5-5-5-5-5-5-5-5-5-5-5-5-5-5-5-5-5-5-5-5-5-5-5-5-5-5-5-5-5-5-5-5-5-5-5-5-5-5-5-1-1-1-1-1-1-1-1-1-1-1-1-1-1-1-1-1-1-1-1-1-1-1                             222222222222222222222222222222222222222222                 
5555555555555555555555555555555555555555555              
5555555555555555555
2222222222222222222222222222222222222222222                            222222222222222222222222222222222222222222222222222222222222222222222222222222-0-0-0-0-0-0-0-0-0-0-0-0-0-0-0-0-0-0-0-0-0-0-0-0-0-0-0-0-0-0-0-0-0-0-0-0-0-0-0-0-0-0-0-055555
11111111111111111111111111222222222
3333333333333333333333+3+3+3+3+3+3+3+3+3+3+3+3+3+3+3+3+3+3+3+3+3+3+3+3+3+3+3+3+3+3+3+3+3+3+3+3+3+3+3+3+3+3+3+3+3+3+3+3+3+3+3+3+3+3+3+3+3+3                                                                                1111111111111111111111111
55555555                                                                                      000000000000000000000000000000000000000005333333333333333333333333333333333333333333333333333333333333
                                         555555555555555555555555555
      
                   
+5+5+5+5+5+5+5+5+5+5+5+5+5+5+5+5+5+5+5+5+5+2+2+2+2+2+2+2+2+2+2+2+2                 
555555555555555555555555555555555555555555                                  +5+5+5+5+5+5+5+5+5+5+5+5+5+5+5
5                   55555555555555555555555555555555555
         +6+6+6+6+6+6+6+6+6+6+6+6+6+6+6+6+6+6+6+6+6+6+6555555555555555555555555
                       -1-1-1-1-1-1-1-1-1-1-1-1-1-1-1-1-1-1-1-1-1-1-1-1-1-1-1-1-1-1-1-1-1-1-1-1-1-1-1-1-1-1-1-1                     +1+1+1+1+1+1+1                
+1+1+1+1+1+1+1+1+1+1+1+1+1+1+1+1+1+1+1+1+1+1+1+1+1+1+1+1+1+1+1+1+1+1+1+1+1+1+1              
-1-1-1-1-1                   -4-4-4-4-4-4-4-4-4-4-4-4-4-4-4-4-4-4-4-4-4-4-4-4-4-4-4-4-4-4-4            +1+1+1+1+1+1+1+1+1+1+1+1+1+1
1111111111111111111111111111111111111111111111111111111111111111                                    -1-1-1-1-1-1-1-1-1-1-1-1-1-1-1-1-1-1
11111111111111111111111111111111
6666666                                -4-4 666666666666000000000000000            6666666666666666666666+2+2+2+2+2+2+2+2+2+2+2+2+2+2+2+2+2+2+2+2+2+2+2+2+2+2+2+2+2+2+2+2+2+2+2+2+2+2+2+21111111111111111
6666666666666666666666666666666666666666666666666666666666
                                                     -2-2-2-2-2-2-2-2-2                                      666666666666666666666666666
-1-1-1-1-1-1-1-1-1-1-1-1-1-1+0+0+0+0+0+0+0+0+0+0+0+0+0+0+0+0+0+0+0+0+0+0+0+0+0+0+0+0+0+0+0+0+0         -4-4-4-4-4-4-4-4-4-4-4-4-4-4-4-4-4-4-4-4-4-4-4-4-4-4-4-4-4-4-4-4-4-4-4-4-4-4-4-4-4-4-4                                            
-1-1-1-1-1-1-1-1-1-1-1-1-1-1-1-1
3333333333333333333                                                                                             -1-1-1-1-1-1-1-1-1-1-1-1-1-1-1-1-1-1-1-1-1-1-1-1-1-1-1-1-1-1-1-1-1-1-1-1-1-1-1-1-1-1-1-1-1
-2-2-2-2                     -4-4                                                                                333333333333333333333333333333333333333333333333333333333333333
                                          -2-2-2-2-2-2-2-2-2-2-2-2-2-2-2-2-2-2-2-2-2-2-2-2-2-2-2-2-2-2-2-2-2-2-2-2-2-2-2-2-2-2
   -4-4-4-4-4-4-4-4-4-4-4-4-4-4-4-4-4-4-4-4-4-4-4-4-4-4-4-4-4-4-4-4-4-4-4-4-4-4-4-4-4-4-4-4-4-4-4-4-4-4-4-4-4-4-4                           
+2+2+2+2+2+2+2+2+2+2+2+2+2+2+2+2+2+2+2+2+2+2+2+2+2+2+2+2+2+2+2+2+2+2+2+2+2+2+2+2+2+2+2+2+2+2+2+2+2+2+2+2+2+2+2+2+2+2+2+2+2+2+2+2-2-2-2-2-2-2-2-2-2-2-2-2-2-2-2-2-2-2-2-2-2-2-2-2-2-2-2-2-2-2-2-2-2-2-2-2-2-2-2-2-2-2-2-2-2-2-2-2-2-2-2-2-2-2-2-2-2-2-2-2-2-2-2-2-2-2-2-2                                                                  
                                                         6666666666666666666666666666+0+0+0+0+0+0+0                                               111111111111111111       +2+2+2+2
-3-3-3-3-3-3-3-3-3-3-3-3-3-3-3-3-3-3-3-3-3-3-3-3-3-3-3-3-3-3-3-300000                    +4+4+4+4+4+4+4+4+4+4+4+4+4+4+4+4+4+4+4+4+4+4+4+4+4+4+4+4+4+4+4+4+4+4+4+4+4+4+4+4+4+4+4+4+4+4+4      
-1-1-1-1-2-2-2-2-2-2-2-2-2-2-2-2-2-2-2-2-2-2-2-2-2-2-2-2-2-2-2-2-2-2-2-2-2-2-2-2-2-2-2-2-2-2-2-2-2-2-2-2-2-2-2-2-2-2-2-2-2-2-2-2-2-2-2-2-2-2-2-2-2-2-4-4-4-4-4-4-4-4-4-4-4-4-4-4-4-4-4-4-4-4-4-4-4-4-4-4-4-4-3-3-3-3-3-3-3-3-3-3-3-3-3-3-3-3-3-3-3-3-3-3-3-3-3-3-3-3-3-3-3-3-3-3-3-3-3-3-3-3-3-3-3-3-3-3-3-3-3-3-3-3-3
-1-1-1-1-1-1-1-1-1-1-1-1-1-1-1-1-1-1-1-1-1-1-1-1-1-1-1-1-1-1-1-1-1-1-1-1-1-1-1-1-1-1-1-1-1-1-1-1-1-1-1-1-1
                                               +4+4+4+4+4+4+4+4+4+4+4+4+4+4+4+4+4+4+4+4+4+4+4-1-1-1-1-1-1-1-1-1-1-1-1-1-1-1-1-1
                                                                 +3+3+3+3+3+3+3+3+3+3+3+3+3+3+3+3+3+3+3+3+3+3+3+3+3+3+3+3+3+3+3+3+3+3+3+3+3+3+3+3+3+3+3+3+3+3+3+3+3+3+3+3+3+3+3+3+3+3+3                                    
00000000000000000000000000000000000     
                  00000000000000000000000000000000000000000000000000
                                                     33333333333333333333333333333333333333333333333          
111111111111111111111111111111           6666666666666666666666666666666666                                 
5-211111111111111111111111111111111111111111111111111111111111111111111111
555555555555555555555555555555555555555
                                     44444444444444444444444444444444444444444444444444                                                            555555555555
                                                                   +6+6+6+6+6+6+6+6+6+6+6+6+6+6+6+6+6+6+6+6+6+6+6+6+6+6+6+6+6+6+6+6+6+6+6+6+6+6+6+6+6+6+6+6+6+6+6+6+6+6+6+6+6                     
         
555555555555555555555555555555555555555555555555555555555                                                                          0000000000000000000000000000000                      5     
                                                                          55555
+3+3+3+3+3+3+3+3+3+3+3+3+3+3+3+3                     
                         +1+1+1+1+1+1+1+1+1+1+1+1+1+1+1+1+1+1+1+1+1+1+1+1+1+1+1+1+1+1+1+1+1+1+1+1+1+1+1+1+1+1+1+1+1+1+1+1+1+1+1+1+1+1+1+1+1+1+1+1+1+1+1+1+1+1+1+1+1+1+1+1+1+1+1+1+1+1+1+1+1+1+1+1+1+1+1+1+1+1+1+1+1+1+1+3+3+3+3+3+3+3+3+3+3+3+3+3+3+3+3+3+3+3+3+3+3+3+3+3+3+3+3+3+3+3+3+3+3+3+3+3+3+3+3+3+3+3+3+3+3+3+3+3+3+3+3+3+3+3+3+3+3+3+3+3+3+3+3+3+3+3+3+3+3+3+3
6666666666666666666666666666666666666666666666666666666666666666666666666666     +4+4+4+4+4+4+4                              +3+3+3+3+3+3+3+3+3+3+3+3+3+3+3+3+3+3+3+3+3+3+3+3+3+3+3+3+3+3+3+3+3+3+3+3+3+3+3+3+3+3+3+3+3+3   
                                                                                    +4+4+4+4+4+4+4+4+4+4+4+4+4+4+4+4+4+4+4+4+4+4+4+4+4000000000000000000000000000000000000000000000000000066
00000000000000000000066666666666666666666666666666666666666666666666666666666666666666666666666666           
                4444444444444444444444444444444444444444444444444444444444444444444444444444444444444444444444444444-4-4-4-4-4-4-4-4-4-4-4-4-4-4-4-4-4000000000000000000000000000000000000000000000
                                                                
666666666666666666666666666666666666+4+4+4+4+4+4+4+4+4+4+4+4+4+4+4+4+4+4+4+4+4+4+4+4+4+4+4+4+4+4+4+4                 
-2-2-2-2-2-2-2-2-2-2                                                                                  6666666666666666666666666
-2-2-2-2-2-2-2-2-2-2-2-2-2-2-2-2-2-2-2-2-2-2-2-2-2-2
66-0-0-0-0-0-0-0-0-0-0-0-0-0-0-0-0-0-0-0-0-0-0-0
                     +4+4+4+4+466666666666666666666666666666666666666666666666666666666666666666666666666666666666666666666666666666666666666666666666666666666666666
                       +0+0+0+0+0+0+0+0+0+0+0+0+0+0+0+0+0+0                                 
+6+6+6+6+6+6+6+6+6+6+6+6+6+6+6+6+6+6+6+6+6+6+6+6+6                                          +3+3+3+3+3+3+3+3+3+3+3+3+3+3+3+3+3+3+3+3+3+3                              
666666666666666666666666666666666666666666                        22222222222222222222222222222222222222222222222222222222222222222222222222222222222222222+6+6+6+6+6+6+6+6+6+6+6+6+6+6+6+6+6+6+6+6+6+6+6+6+6+6+6+6+6+6+6+6+6+6+6+6+6+6+6+6+6+6
             666666666666666666666666666666666666666666
+3+3+3+3+3+3+3+3+3+3+3+3+3+3+3+3+3+3+3+3+3+3+3+3+3+3+3+3+3+3+3+3+3+3+3+3+3+3+3+3+3+3+3+3+3+3+5+5+5+5+5+5+5+5+5+5+5+5+5+5+5+5+5+5+5+5+5+5+5+5+5+5+5+5+5+5+5+5+5+5+5+5+5+5+5+5+5+5+5+5+5+5+5+5+5+5+5+5+5+5+5+5+5+5+5+5+5+5+5+5+5+5+5+5+5+5+5                                                                      
+2+2+2+2+2+2+2+2+2+2+2+2+2+2+2+2+1+1+1+1+1+1+1+1+1+1+1+1+1+1+1+1+1+1+1+1+1+1+1+1+1+1+1+1+1+1+1+1+1+1+1+1+1+1+1+1+1+1+1+1+1+1+1+1+1+1+1+1+1+1+1+1+1+1+1+1+1+1+1+1+1+1+1+1+1+1+1+1+1+1+1+1+1+1+1+1+1+1+1+1+1+1+3+3+3+3+3+3+3+3+3+3+3+3+3+3+3+3+3+3+3+3+3+3+3+3+3+3+3+3+3+3+3+3+3+3+3+3+3+3+3+3+3+3+3+3+3+3+3+3+3
+6+6+6+6+6+6+6+6+6+6+6+6+6+6+6+6+6+6+6+6+6+6+6+6+6+6+6+6+6+6+6+6+6+6+6+6+6+6+6+6+6+6+6+6+6+6+6+6+6+6+6+6+6+6+6+6+6+6+6+6+6+6+6+6+6+6                               +2+2+2+2+2+2+2+2+2+2+2+2+2+2+2+2+2+2+2
22222222222222222222222222                                               5555555555555555555555555555555555552                                                                 +6+6+6+6+6+6+6+6+6+6+6+6+6+6+6+6+6+6+6+6+6
+3+3+3+3+3+3+3+3+3+3+3+3+3+3+3+3+3+3+3+3+3+3+3+3+3+3+3+3+3+3+3+3+3+3+3+3+3+3+3+3+3+3+3+3+3+3+3+3+3+3+3+3+3+3+3+3+3+3+3+3+3+3+3+3+3+3+3+3+3+3+3+3+3+3+3+3+3+3+3+3+3222222222222222222222222222222222222222222222222222222222
-6-6-6-6-6-6-6-6-6-6-6-6-6-6-6-4+0+0+0+0+0+0+0+0+0+0+0+0+0+0+0+0+0+0+0+0+0+0+0+0+0+0+3+3+3+3+3+3+3+3+3
-6-6-6-6-6-6-6-6-6-6-6-6-6-6-6-6-6-6-6-6-6-6-6
444444444444 -5-5-5-5-5-5-5-5-5-5-5-5-5-5-5-5-5-5-5-5-5-5-5-5-5-5-5-5-5-5-5-5-5                                                        -2-2-2-2-2-2-2-2-2-2-2-2-2-2-2-2-2-2-2-2-2-2-2-2-2-2-2-2-2-2-2-2-2-2-2-2-2-2-2-2-2-2-2-2-2-2-2-2-2-2-2-2-2-2-6-6-6-6-6-6-6-6-6-6-6-6-6-6-6-6-6-6-6-6-6-6-6
333333333333333333333333333333333                      
+1+1+1+1+1+1+1+1+1+1+1+1+1+1+1+1+1+1+1                                    1111111111111111111333333333333333333333333333333333333333333333333333333333333333333
+1+1+1+1+1+1+1+1+1+1+1+1+1+1+1+1+1+1+1+1+1+1+1+1+1+1+1+1+1+1+1+1
                                            111111111111111111+1+1+1+1+1+1+1+1+1+1+1+1+1
                                      
-6-6-6-6-6-6-6-6-6-6-6-6-6-6-6-6-6-6-6+5+5+5+5+5+5+5+5+5+5+5-4-4-4-4-4-4-4-4-4-4-4-4-4-4-4-4-4-4-4-4-4-4-4-43333333333344444444444444444444444444444444444444444444444444444444444444444444444444444444444444444444              
-6-6-6-6-6-6-6-6-6-6-6-6-6
-6-6-6-6-6-6-6-6-6-6-6-6-6-6-6-6-6-6-6-6-6-6-6-6-6
-0-0-0-0-0-0-0-0-033333333333333333333333333333333333333+1+1+1+1+1+1+1+1+1+1+1+1+1+1+1+1+1+1+1+1+1+1+1+1+1+1+1+1+1+1-6-6-6-6-6-6-6-6-6
-0-0-0-0-0-0-0-0-0-0-0-0-0-0-0-0-0-0-0
                                      +5+5+5+5+5+5+5+5+5+5+5+5+5+5+5+5+5+5+5+5+5+5+5+5+5+5+5+5+5+5+5+5+5+5+5+5+5+5+5+5+5+5+5+5+5+5+5+5+5+5+5+5+5+5+5+5+5+5                                                    -0-0-0-0-0-0-0-0-0-0-0-0-0-0-0-0-0-0-0-0-0-0-0-0-0-0-0-0-0-0-0-0-0-0-0-0-0-0-0-0-0-0-0-0-0-0-0
666666                                                                    44444444444444444444444444444444444444444444444444444444444444444444444444444444444444       
66666666666666666666666666
             +1+1+1+1+1+1+1+1+1+1+1+1+1+1+1+1+1+1+1+1+1+1+1+1+1+1+1+1+1+1+1+1+1+1+166666666666666666666666
00         5555555555555555555555555555555555555555555555555555555555555555555555555555555555555555555                                                    
66666666666666666666666666666664444444444444444444444444444444444444444444444444444444444444444444444444400000000000000000000000000000000000000000000000000000000000000000000000000000000000000000000
5555555555555555555555555555555555555555555555555       666666666666666666
5555555555555
                               555555555555555555555
                                      +1+1+1+1+1+1+1+1+1+1+1+1+1+1+1+1+1+1+1+1                                                       
-3-3-3-3-3-3-3-3-3-3-3-3      66666666666666666666666666666666666666666666666666666666666                            
55555-2-2-2-2-2-2-2-2-2-2-2-2-2-2-2-2-2-2-2-2-2-2-2-2-2-2-2-2-2-2-2-2-2-2-2-2-2-2-2-2-2-2-2-2-2-2-2-2-2-2-2-2-2-2-2-2-2-2-2-2-2-2-2-2-2-2-2-2-2-2-2-2-2-2-2-2-2-2-2-2-2-2-2-2-2-3-3-3-3-3-3-3-3-3-3-3-3-3-3-3-3-3-3-3-3-3-3-3-3-3-3-3-3-3-3-3-3-3-3-3-3-3-3-3-3-3-3-3-3-3-3-3-3-3-3-3-3-3-3-3-3-3-3-3-3-3-3-3-3-3-3-3-3
555555555555555555555555555555555555555555555
3333322222222222222222222222222222222222222222222222222222222222                                                                                        555555555555
                                     -0-0-0-0-0-0-0-0-0-0-0-03333333333333333333333333333333333333333333333333333333333333333333333333333333333333333333333
2222222222222         
                                          3333333333333333333333333333                       22222222222222222222222222222222222222222222222222222222222222
55555555555555555555555555555555555555555555555555555555555555555555533333333333333333333333333333333333333333333333333333333                           
-4-4-455555555555555555555555555555
                       +0+0+0+0+0+0+0+0+0+0+0+0+0+0+0+0+0+0+0+0+0+0+0+0+0+0+0+0+0+0+0+0+0+0+0+0+0+0+0+0+0+0+0+0+0+0+0+0+0+0+0+0+0+0+0+0+0+0+0+0+0+0+0+0+0+0+0+0+0+0+0+0+0+0+0+0+0+0+0+0+0+0+0+0+0+0+0+0+0+0+0+0-4-4-4-4-4-4-4-4-4-4-4-4-4-4-4-4-4-4-4-4-4-4-4-4-4-4-4-4-4-4-4-4-4-4-4-4-4-4-4-4-4-4-4-4-4-4-4-4-4-4-4-4-4-4-4-4-4-4-4-4-4-4-4-4-4-4-4-4-4-4-4-4-4-4-4-4
                            +4+4+4+4+4+4+4+4+4+4+4+4+4+4+4+4+4+4+4         -5-5-5-5-5-5-5-5-5-5-5-5-5-5-5-5-5-5-5-5-5-5-5-5-5-5-5-5-5-5-5-5-5-5-5-5-5-5-5-5-5-5-5-5-5-5-5-5-5-5-5-5-5-5-5-5-5-5-5-5-5-5-5-5-5-5-5-5-5-5-5-5-5-5-5-5-5-5-5-5-5-5-5-5-5-5-5-5-2-2-2-2-2-2-2-2-2-2-2-2-2-2-2-2-2-2-2-2-2-2                         
-5-5-5-5-5-5-5-5-5-5-5-5-5-5-5-5-3-3-3-3-3-3-3-3-3-3-3-3-3-3-3-3-3-3-3-3-3-3-3-3-3-3-3666666666666666666666666666666666666666666666666666666666666-5-5                         
                                     -5-5-5-5-5-5-5-5-5-5-5-5-5-5-5-5-5-5-5-5-5-5-5-5-5-5-5-5-5-5-5-5-5-5-5-5-5-5-5-5-5-5-5-5-5-5-5-5-5-5-5-5-5-5-5-5-5-5-5-5-5-5-5-5-5-5-5-5-5-5-5
3333333333333333333333333333333333333333333333333333333                                                 
55555533333333333333333333333333333333333333333333333333333333333333333333333333333333333333333333333333333333333333
11111111111444444444400000000000000000000000000000000000000000055555555555555555555555555555
                               2222111111111
3333                                                                  
+2+2+2+2+2+2+2+2+2+2+2+2+2+2+2+2+2+2+2+2+2+2+2+2+2+2+2+233333333333333333333333333333333333333333333333333333333333333333333333333333333333333333333333333333333333333
-5-5-5-5-5-5-5-5-5-5-5-5-5-5-5-5-5-5-5-5-5-5-5-5-5-5-5-5-5-5-5-5-5-5-5-5-5-5-5-4-4-4-4-4-4-4-4+3+3+3+3+3+3+3+3+3+3+3+3+3+3+3+3+3+3+3+3+3+3+3+3+3+3+3+366666666666666666666666666666666666666666666666666666666+2+2+2+2+2+2+2+2+2+2+2+2+2+2+2+2+2+2+2+2+2+2+2+2+2+2+2+2+2+2+2+2+2+2+2
+6+6+6+6+6+6+6+6-5-5-5-5-5-5-5-5-5-5-5-5-5-5-5-5-5-5-5-5-5-5-5-5-5-5-5-5-5-5-5-5-5-5-5-5-5-5-5-5-5-5-5-5-5
-1-1-1-1-1-1-1-1-1-1-1-1-1-1-1-1-1-1-1-1-1-1-1-1-1-1-1-1-1-1-1-1-1-1-1-1-1-1-1-1-1-1-1-1+6+6+6+6+6+6+6+6+6+6+6+6+6+6+6+6+6+6+6+6+6+6+6+6+6+6+6+6+6+6+6+6+6+6+6+6+6+6+6+6+6+6+6+6+6+6+6+6+6+6+6+6+6+6+6+6+6+6+6+6+6+6+6+6+6+6+6+6+6+6
-1-1-1-1-1-1-1-1-1-1-1-1-1-1-1
4444444444444444444444444444444444                               1111111111111111111111111111111111111111111111111111111-1-1
55555555555555555555555555555555555555555555555555555555555555555555555555555555                                             4444444444444444444444444444444444444444444444444444444
                                                                  5
00000000000000000000                            
+5+5+5+5+5+5+5+5+5+5+5+5+5+5+5+5+5+5+5+5+5+5+5+5+5+5+5+5+5+5                                                                                             0000000000000000000000000000000
-5-5-5-5-5-5-5-5-5-5-5-5-5-5-5-5-5-5-5-5-5-5-5-5-5-5+5+5+5+5+5+5+5+5+5+5+5+5+5+5+5+5+5+5+5+5+5+5+5+5+5+5+5+5+5+5+5+5+5+5+5+5+5+5+5+5+5+5+5+5+5
-5-5-5-5-5-5                                                              +1+1+1+1+1+1+1+1+1+1+1+1+1+1+1+1+1+1+1+1                                           222-5-5-5-5-5-5-5-5-5-5-5-5-5-5-5-5-5-5-5-5-5-5-5-5-5-5-5-5-5-5-5-5-5-5-5-5-5-5-5-5-5
+6+6+6+6+6+6+6+6+6+6+6+6+6+6+6+6+6+6    222222222222222222222222222222222222222222222222222222222222222222222222   +1+1+1+1+1+1+1+1+1       -5-5-5-5-5-5-5-5-5-5-5-5-5-5-5-5-5-5-5-5-5-5-5-5-5-5-5-5-5-5-5-5-5-5-5-5-5-5-5-5-5-5-5-5-5-5-5
44444440000000000000000000000000000000000000000000000000000000000                                                                                             +6+6+6+6+6+6
000000                            -3-3-3-3-3-3-3-3-3-3-3-3-3-3-3-3-3-3-3-3-3-3-3-3-3-3-3-3-3-3-3-3-3-3-3-3-3-3-3-3-3-3-3-3-3-3-3-3-3-3-3-3-3-3-3-3-3-3-3-3-3-3-3-3-3-3-3-3-3-3-3-3-3-3-3-3-3-3-3-3-3-3-3-3-3-3-3-3-3-3-3-3-3-3-3444444444444444444444444444444
                                                     00000000000000000000000000000000000000-3-3-3-3-3-3-3-3-3-3-3-3-3-3-3-3-3-3-3-3-3-3-3-3-3-3-3-3-3-3-3-3-30000000000000000000000000000000000000000000000000000000000000000
+1+1+1-3-3-3-3-3+6+6+6+6+6+6+6+6+6+6+6+6+6+6+6+6+6+6+6+6+6+6+6+6+6+6+6+6+6+6+6+6+6+6+6+6+6+6+6+6+6+6+6+6+6+6+6+6+6+6+65555555555555555                                     555555555555555555555555555555555555555555555              
555555555555555555555555555                                                            +1+1+1+1+1+1+1
                                                    5555555555555555555555555
222222222222222                            
22222
222
                                                                    -6-6-6-6-6-6-6-6-6-6-6-6-6-6-6-6-6-6-6-6-6-6-6-6-6-6-6-6-6-6-6-6-6-6-6-6-6-6-6-6-6-6-6-6-6-6-6-6-6-6-6-6-6-6-6-6-6-6-6-6-6-6-6-6-6-6-6-6-6-6-6-6-6-6-6-6-6-6-6-6-6-6-6333333333333333333333333333333333333333333333333
4444444444444444                                                                                   +3+3+3+3+3+3+3+3+3+3+3+3+3+3+3+3+3+3+3+3           
    +5+5+5+5+5+5+5+5+5+5+5+5+5+5+5+5+5+544444444444444444444444444444444444444444444
555555555555555555555555+2+2+2+2+2+2+2+2+2+2+2+2+2+2+2+2+2+2+2+2+2+2+2+2+2+2+2+2+2+2+2+2+2+2+2+2+2+2+2+2+2+2+2+2+2+2+2+2+2+2+2+2+2+2+2+2+2+2+2+2+2+2+2+2+2+2+2                               
555555555555555555555
                +0+0+0+0+0+0+0+0+0+0+0+0+0+0+0+0+0+0+0+0+0+0+0+0+0+0+0+0+0+0+0+0+0+0+0+0+0+0+0+0+0+0+0+0+0+0+0+0+0+0+0+0+0+0+0+0+0+0+0+0+0+0+0+0+0-0-0-0-0-0-0-0                                                                      555555555555555555555555555555
                                       -4-4-4      
-1-1-1-1-1-1-1-1-1-1-1-1-1-1-1-1-1-1-1-1-1-1-1-1  +5+5+5+5+5+5+5+5+5+5+5+5+5+5+5+5+5+5+5+5+5+5+5+5+5+5+5+5+5+5+5+5+5+5+5+5+5+5+5+5+5+5+5+5+5+5+5+5+5+5+5+5+5+5+5+5+5+5+5+5+5+5+5+5+5+5+5+5+5+5+5+5+5+5+5+5+5+5+5+5+5+5+5+5+5+5+5+5
-1-1-1-1-1-1-1-1-1-1-1-1-1-1-1-1-1-1-1-1-1-1-1-1-1-1-1-1-1-1-1-1
           -1-1
